@article{pawlowski2015dipolar,
  title={Dipolar dark solitons},
  author={Paw{\l}owski, Krzysztof and Rz{\k{a}}{\.z}ewski, Kazimierz},
  journal={New Journal of Physics},
  volume={17},
  number={10},
  pages={105006},
  year={2015},
  publisher={IOP Publishing}
}
% https://iopscience.iop.org/article/10.1088/1367-2630/17/10/105006/pdf

@article{witkowska2010monte,
  title={Monte Carlo method, classical fields and Bose statistics},
  author={Witkowska, Emilia and Gajda, Mariusz and Rz{\k{a}}{\.z}ewski, Kazimierz},
  journal={Optics Communications},
  volume={283},
  number={5},
  pages={671--675},
  year={2010},
  publisher={Elsevier}
}
% http://www.ifpan.edu.pl/ON-2/on26/pubs/oc_283_671.pdf

@article{witkowska2009bose,
  title={Bose statistics and classical fields},
  author={Witkowska, Emilia and Gajda, Mariusz and Rz{\k{a}}{\.z}ewski, Kazimierz},
  journal={Physical Review A},
  volume={79},
  number={3},
  pages={033631},
  year={2009},
  publisher={APS}
}
% https://journals.aps.org/pra/pdf/10.1103/PhysRevA.79.033631

@article{bienias2011statisticala,
  title={Statistical properties of one-dimensional attractive Bose gas},
  author={Bienias, Przemys{\l}aw and Paw{\l}owski, Krzysztof and Gajda, Mariusz and Rz{\k{a}}{\.z}ewski, Kazimierz},
  journal={EPL (Europhysics Letters)},
  volume={96},
  number={1},
  pages={10011},
  year={2011},
  publisher={IOP Publishing}
}
% https://arxiv.org/pdf/1103.4017.pdf

@article{bienias2011statistical,
  title={Statistical properties of one-dimensional Bose gas},
  author={Bienias, Przemys{\l}aw and Paw{\l}owski, Krzysztof and Gajda, Mariusz and Rz{\k{a}}{\.z}ewski, Kazimierz},
  journal={Physical Review A},
  volume={83},
  number={3},
  pages={033610},
  year={2011},
  publisher={APS}
}
% https://journals.aps.org/pra/pdf/10.1103/PhysRevA.83.033610

@article{metropolis1953equation,
  title={Equation of state calculations by fast computing machines},
  author={Metropolis, Nicholas and Rosenbluth, Arianna W and Rosenbluth, Marshall N and Teller, Augusta H and Teller, Edward},
  journal={The journal of chemical physics},
  volume={21},
  number={6},
  pages={1087--1092},
  year={1953},
  publisher={AIP}
}
% https://aip.scitation.org/doi/pdf/10.1063/1.1699114

@article{weiss1997particle,
  title={Particle number counting statistics in ideal Bose gases},
  author={Weiss, Christoph and Wilkens, Martin},
  journal={Optics Express},
  volume={1},
  number={10},
  pages={272--283},
  year={1997},
  publisher={Optical Society of America}
}

% https://www.osapublishing.org/DirectPDFAccess/9354C7A7-0003-0385-C948CB400580D0B5_63206/oe-1-10-272.pdf?da=1&id=63206&seq=0&mobile=no

@article{meinert2015probing,
  title={Probing the excitations of a Lieb-Liniger gas from weak to strong coupling},
  author={Meinert, Florian and Panfil, Milosz and Mark, Manfred J and Lauber, Katharina and Caux, J-S and N{\"a}gerl, H-C},
  journal={Physical review letters},
  volume={115},
  number={8},
  pages={085301},
  year={2015},
  publisher={APS}
}
% kolko doswiadczalnie
% https://journals.aps.org/prl/pdf/10.1103/PhysRevLett.115.085301

@article{syrwid2015lieb,
  title={Lieb-Liniger model: Emergence of dark solitons in the course of measurements of particle positions},
  author={Syrwid, Andrzej and Sacha, Krzysztof},
  journal={Physical Review A},
  volume={92},
  number={3},
  pages={032110},
  year={2015},
  publisher={APS}
}

% https://journals.aps.org/pra/pdf/10.1103/PhysRevA.92.032110

@inproceedings{edmonds2016controllable,
  title={Controllable non-local bright solitons in dipolar condensates},
  author={Edmonds, Matthew and Bland, Thomas and Parker, Nick},
  booktitle={APS Division of Atomic, Molecular and Optical Physics Meeting Abstracts},
  year={2016}
}

% https://arxiv.org/pdf/1509.00615.pdf

@article{bland2017interaction,
  title={Interaction-sensitive oscillations of dark solitons in trapped dipolar condensates},
  author={Bland, T and Paw{\l}owski, K and Edmonds, MJ and Rz{\k{a}}{\.z}ewski, K and Parker, NG},
  journal={Physical Review A},
  volume={95},
  number={6},
  pages={063622},
  year={2017},
  publisher={APS}
}

% https://journals.aps.org/pra/pdf/10.1103/PhysRevA.95.063622

@article{sinha2007cold,
  title={Cold dipolar gases in quasi-one-dimensional geometries},
  author={Sinha, S and Santos, L},
  journal={Physical review letters},
  volume={99},
  number={14},
  pages={140406},
  year={2007},
  publisher={APS}
}

% https://journals.aps.org/prl/pdf/10.1103/PhysRevLett.99.140406

@article{PhysRevA.61.041604,
  title = {Trapped atomic condensates with anisotropic interactions},
  author = {Yi, S. and You, L.},
  journal = {Phys. Rev. A},
  volume = {61},
  issue = {4},
  pages = {041604},
  numpages = {4},
  year = {2000},
  month = {Mar},
  publisher = {American Physical Society},
  doi = {10.1103/PhysRevA.61.041604},
  url = {https://link.aps.org/doi/10.1103/PhysRevA.61.041604}
}

@book{schrodinger1989statistical,
  title={Statistical thermodynamics},
  author={Schr{\"o}dinger, Erwin},
  year={1989},
  publisher={Courier Corporation}
}

@article{politzer1996condensate,
  title={Condensate fluctuations of a trapped, ideal Bose gas},
  author={Politzer, H David},
  journal={Physical Review A},
  volume={54},
  number={6},
  pages={5048},
  year={1996},
  publisher={APS}
}

% https://journals.aps.org/pra/pdf/10.1103/PhysRevA.54.5048

@article{deuretzbacher2010ground,
  title={Ground-state properties of few dipolar bosons in a quasi-one-dimensional harmonic trap},
  author={Deuretzbacher, Frank and Cremon, Jonas C and Reimann, Stephanie M},
  journal={Physical Review A},
  volume={81},
  number={6},
  pages={063616},
  year={2010},
  publisher={APS}
}

% https://journals.aps.org/pra/pdf/10.1103/PhysRevA.81.063616

@article{andrews1997observation,
  title={Observation of interference between two Bose condensates},
  author={Andrews, MR and Townsend, CG and Miesner, H-J and Durfee, DS and Kurn, DM and Ketterle, W},
  journal={Science},
  volume={275},
  number={5300},
  pages={637--641},
  year={1997},
  publisher={American Association for the Advancement of Science}
}

% https://science.sciencemag.org/content/sci/275/5300/637.full.pdf

@article{kristensen2019observation,
  title={Observation of Atom Number Fluctuations in a Bose-Einstein Condensate},
  author={Kristensen, MA and Christensen, MB and Gajdacz, M and Iglicki, M and Paw{\l}owski, K and Klempt, Carsten and Sherson, JF and Rz{\k{a}}{\.z}ewski, K and Hilliard, AJ and Arlt, JJ},
  journal={Physical Review Letters},
  volume={122},
  number={16},
  pages={163601},
  year={2019},
  publisher={APS}
}

% https://journals.aps.org/prl/pdf/10.1103/PhysRevLett.122.163601

@article{javanainen1996quantum,
  title={Quantum phase of a Bose-Einstein condensate with an arbitrary number of atoms},
  author={Javanainen, Juha and Yoo, Sung Mi},
  journal={Physical review letters},
  volume={76},
  number={2},
  pages={161},
  year={1996},
  publisher={APS}
}

% https://journals.aps.org/prl/pdf/10.1103/PhysRevLett.76.161

@article{esteve2006observations,
  title={Observations of density fluctuations in an elongated Bose gas: Ideal gas and quasicondensate regimes},
  author={Esteve, Jerome and Trebbia, J-B and Schumm, Thorsten and Aspect, Alain and Westbrook, Christoph I and Bouchoule, Isabelle},
  journal={Physical review letters},
  volume={96},
  number={13},
  pages={130403},
  year={2006},
  publisher={APS}
}

% https://journals.aps.org/prl/pdf/10.1103/PhysRevLett.96.130403

@article{ziff1977ideal,
  title={The ideal Bose-Einstein gas, revisited},
  author={Ziff, Robert M and Uhlenbeck, George E and Kac, Mark},
  journal={Physics Reports},
  volume={32},
  number={4},
  pages={169--248},
  year={1977},
  publisher={Elsevier}
}

@article{gajda1997fluctuations,
  title={Fluctuations of bose-einstein condensate},
  author={Gajda, Mariusz and Rza̧{\.z}ewski, Kazimierz},
  journal={Physical review letters},
  volume={78},
  number={14},
  pages={2686},
  year={1997},
  publisher={APS}
}

% https://journals.aps.org/prl/pdf/10.1103/PhysRevLett.78.2686

@article{navez1997fourth,
  title={Fourth statistical ensemble for the Bose-Einstein condensate},
  author={Navez, Patrick and Bitouk, Dmitri and Gajda, Mariusz and Idziaszek, Zbigniew and Rza̧{\.z}ewski, Kazimierz},
  journal={Physical review letters},
  volume={79},
  number={10},
  pages={1789},
  year={1997},
  publisher={APS}
}

% http://info.ifpan.edu.pl/ON-2/on26/on26sub/plikipdf/nbgirprl79.pdf

@article{brewczyk2007classical,
  title={Classical fields approximation for bosons at nonzero temperatures},
  author={Brewczyk, Miros{\l}aw and Gajda, Mariusz and Rza{\.z}ewski, Kazimierz},
  journal={Journal of Physics B: Atomic, Molecular and Optical Physics},
  volume={40},
  number={2},
  pages={R1},
  year={2007},
  publisher={IOP Publishing}
}

% https://www.researchgate.net/profile/Mariusz_Gajda/publication/231028391_Classical_fields_approximation_for_bosons_at_nonzero_temperatures/links/09e4150bb405f50d45000000/Classical-fields-approximation-for-bosons-at-nonzero-temperatures.pdf

@article{davis1995bose,
  title={Bose-Einstein condensation in a gas of sodium atoms},
  author={Davis, Kendall B and Mewes, M-O and Andrews, Michael R and van Druten, Nicolaas J and Durfee, Dallin S and Kurn, DM and Ketterle, Wolfgang},
  journal={Physical review letters},
  volume={75},
  number={22},
  pages={3969},
  year={1995},
  publisher={APS}
}

% https://journals.aps.org/prl/pdf/10.1103/PhysRevLett.75.3969 

@article{anderson1995observation,
  title={Observation of Bose-Einstein condensation in a dilute atomic vapor},
  author={Anderson, Mike H and Ensher, Jason R and Matthews, Michael R and Wieman, Carl E and Cornell, Eric A},
  journal={science},
  volume={269},
  number={5221},
  pages={198--201},
  year={1995},
  publisher={American Association for the Advancement of Science}
}

% https://science.sciencemag.org/content/sci/269/5221/198.full.pdf

@article{PhysRevA.93.023636,
  title = {Condensate fluctuation and thermodynamics of mesoscopic Bose-Einstein condensates: A correlated many-body approach},
  author = {Bhattacharyya, Satadal and Chakrabarti, Barnali},
  journal = {Phys. Rev. A},
  volume = {93},
  issue = {2},
  pages = {023636},
  numpages = {9},
  year = {2016},
  month = {Feb},
  publisher = {American Physical Society},
  doi = {10.1103/PhysRevA.93.023636},
  url = {https://link.aps.org/doi/10.1103/PhysRevA.93.023636}
}

@article{PhysRevLett.82.4376,
  title = {Fluctuations of the Weakly Interacting Bose-Einstein Condensate},
  author = {Idziaszek, Zbigniew and Gajda, Mariusz and Navez, Patrick and Wilkens, Martin and Rza\ifmmode \mbox{\c{}}\else \c{}\fi{}z\ifmmode \dot{}\else \.{}\fi{}ewski, Kazimierz},
  journal = {Phys. Rev. Lett.},
  volume = {82},
  issue = {22},
  pages = {4376--4379},
  numpages = {0},
  year = {1999},
  month = {May},
  publisher = {American Physical Society},
  doi = {10.1103/PhysRevLett.82.4376},
  url = {https://link.aps.org/doi/10.1103/PhysRevLett.82.4376}
}
@article{PhysRevLett.97.190402,
  title = {Condensation of $N$ Interacting Bosons: A Hybrid Approach to Condensate Fluctuations},
  author = {Svidzinsky, Anatoly A. and Scully, Marlan O.},
  journal = {Phys. Rev. Lett.},
  volume = {97},
  issue = {19},
  pages = {190402},
  numpages = {4},
  year = {2006},
  month = {Nov},
  publisher = {American Physical Society},
  doi = {10.1103/PhysRevLett.97.190402},
  url = {https://link.aps.org/doi/10.1103/PhysRevLett.97.190402}
}

@article{bose1924plancks,
  title={Plancks gesetz und lichtquantenhypothese},
  author={Bose, Satyendra Nath},
  year={1924},
  publisher={Springer}
}

@article{einstein1924quantentheorie,
  title={Quantentheorie des einatomigen idealen Gases},
  author={Einstein, Albert},
  journal={SB Preuss. Akad. Wiss. phys.-math. Klasse},
  year={1924}
}

@article{berman1984limit,
  title={The limit of stochasticity for a one-dimensional chain of interacting oscillators},
  author={Berman, GP and Kolovsky, AR},
  journal={Zh. Eksp. Teor. Fiz},
  volume={87},
  pages={1938},
  year={1984}
}
% http://www.jetp.ac.ru/cgi-bin/dn/e_060_06_1116.pdf

@article{esteve2006observations,
  title={Observations of density fluctuations in an elongated Bose gas: Ideal gas and quasicondensate regimes},
  author={Esteve, Jerome and Trebbia, J-B and Schumm, Thorsten and Aspect, Alain and Westbrook, Christoph I and Bouchoule, Isabelle},
  journal={Physical review letters},
  volume={96},
  number={13},
  pages={130403},
  year={2006},
  publisher={APS}
}
% https://journals.aps.org/prl/pdf/10.1103/PhysRevLett.96.130403

@techreport{fermi1955studies,
  title={Studies of the nonlinear problems},
  author={Fermi, Enrico and Pasta, P and Ulam, S and Tsingou, M},
  year={1955},
  institution={Los Alamos Scientific Lab., N. Mex.}
}
% https://www.osti.gov/servlets/purl/4376203